[gd_scene load_steps=4 format=2]

[ext_resource path="res://scripts/Main.gd" type="Script" id=1]
[ext_resource path="res://prefabs/Tile.tscn" type="PackedScene" id=2]
[ext_resource path="res://fonts/baicFont.tres" type="DynamicFont" id=3]

[node name="Main" type="Node2D"]
script = ExtResource( 1 )

[node name="Camera2D" type="Camera2D" parent="."]
current = true

[node name="Tiles" type="Node2D" parent="."]

[node name="Line0" type="Node2D" parent="Tiles"]
editor/display_folded = true
position = Vector2( -384, -192 )

[node name="Tile" parent="Tiles/Line0" instance=ExtResource( 2 )]
margin_left = 4.0
margin_top = 4.0
margin_right = 60.0
margin_bottom = 60.0

[node name="Tile2" parent="Tiles/Line0" instance=ExtResource( 2 )]
margin_left = 68.0
margin_top = 4.0
margin_right = 124.0
margin_bottom = 60.0

[node name="Tile3" parent="Tiles/Line0" instance=ExtResource( 2 )]
margin_left = 132.0
margin_top = 4.0
margin_right = 188.0
margin_bottom = 60.0

[node name="Tile4" parent="Tiles/Line0" instance=ExtResource( 2 )]
margin_left = 196.0
margin_top = 4.0
margin_right = 252.0
margin_bottom = 60.0

[node name="Tile5" parent="Tiles/Line0" instance=ExtResource( 2 )]
margin_left = 260.0
margin_top = 4.0
margin_right = 316.0
margin_bottom = 60.0

[node name="Tile6" parent="Tiles/Line0" instance=ExtResource( 2 )]
margin_left = 324.0
margin_top = 4.0
margin_right = 380.0
margin_bottom = 60.0

[node name="Tile7" parent="Tiles/Line0" instance=ExtResource( 2 )]
margin_left = 388.0
margin_top = 4.0
margin_right = 444.0
margin_bottom = 60.0

[node name="Tile8" parent="Tiles/Line0" instance=ExtResource( 2 )]
margin_left = 452.0
margin_top = 4.0
margin_right = 508.0
margin_bottom = 60.0

[node name="Tile9" parent="Tiles/Line0" instance=ExtResource( 2 )]
margin_left = 516.0
margin_top = 4.0
margin_right = 572.0
margin_bottom = 60.0

[node name="Tile10" parent="Tiles/Line0" instance=ExtResource( 2 )]
margin_left = 580.0
margin_top = 4.0
margin_right = 636.0
margin_bottom = 60.0

[node name="Tile11" parent="Tiles/Line0" instance=ExtResource( 2 )]
margin_left = 644.0
margin_top = 4.0
margin_right = 700.0
margin_bottom = 60.0

[node name="Tile12" parent="Tiles/Line0" instance=ExtResource( 2 )]
margin_left = 708.0
margin_top = 4.0
margin_right = 764.0
margin_bottom = 60.0

[node name="Line1" type="Node2D" parent="Tiles"]
editor/display_folded = true
position = Vector2( -384, -128 )

[node name="Tile" parent="Tiles/Line1" instance=ExtResource( 2 )]
margin_left = 4.0
margin_top = 4.0
margin_right = 60.0
margin_bottom = 60.0

[node name="Tile2" parent="Tiles/Line1" instance=ExtResource( 2 )]
margin_left = 68.0
margin_top = 4.0
margin_right = 124.0
margin_bottom = 60.0

[node name="Tile3" parent="Tiles/Line1" instance=ExtResource( 2 )]
margin_left = 132.0
margin_top = 4.0
margin_right = 188.0
margin_bottom = 60.0

[node name="Tile4" parent="Tiles/Line1" instance=ExtResource( 2 )]
margin_left = 196.0
margin_top = 4.0
margin_right = 252.0
margin_bottom = 60.0

[node name="Tile5" parent="Tiles/Line1" instance=ExtResource( 2 )]
margin_left = 260.0
margin_top = 4.0
margin_right = 316.0
margin_bottom = 60.0

[node name="Tile6" parent="Tiles/Line1" instance=ExtResource( 2 )]
margin_left = 324.0
margin_top = 4.0
margin_right = 380.0
margin_bottom = 60.0

[node name="Tile7" parent="Tiles/Line1" instance=ExtResource( 2 )]
margin_left = 388.0
margin_top = 4.0
margin_right = 444.0
margin_bottom = 60.0

[node name="Tile8" parent="Tiles/Line1" instance=ExtResource( 2 )]
margin_left = 452.0
margin_top = 4.0
margin_right = 508.0
margin_bottom = 60.0

[node name="Tile9" parent="Tiles/Line1" instance=ExtResource( 2 )]
margin_left = 516.0
margin_top = 4.0
margin_right = 572.0
margin_bottom = 60.0

[node name="Tile10" parent="Tiles/Line1" instance=ExtResource( 2 )]
margin_left = 580.0
margin_top = 4.0
margin_right = 636.0
margin_bottom = 60.0

[node name="Tile11" parent="Tiles/Line1" instance=ExtResource( 2 )]
margin_left = 644.0
margin_top = 4.0
margin_right = 700.0
margin_bottom = 60.0

[node name="Tile12" parent="Tiles/Line1" instance=ExtResource( 2 )]
margin_left = 708.0
margin_top = 4.0
margin_right = 764.0
margin_bottom = 60.0

[node name="Line2" type="Node2D" parent="Tiles"]
editor/display_folded = true
position = Vector2( -384, -64 )

[node name="Tile" parent="Tiles/Line2" instance=ExtResource( 2 )]
margin_left = 4.0
margin_top = 4.0
margin_right = 60.0
margin_bottom = 60.0

[node name="Tile2" parent="Tiles/Line2" instance=ExtResource( 2 )]
margin_left = 68.0
margin_top = 4.0
margin_right = 124.0
margin_bottom = 60.0

[node name="Tile3" parent="Tiles/Line2" instance=ExtResource( 2 )]
margin_left = 132.0
margin_top = 4.0
margin_right = 188.0
margin_bottom = 60.0

[node name="Tile4" parent="Tiles/Line2" instance=ExtResource( 2 )]
margin_left = 196.0
margin_top = 4.0
margin_right = 252.0
margin_bottom = 60.0

[node name="Tile5" parent="Tiles/Line2" instance=ExtResource( 2 )]
margin_left = 260.0
margin_top = 4.0
margin_right = 316.0
margin_bottom = 60.0

[node name="Tile6" parent="Tiles/Line2" instance=ExtResource( 2 )]
margin_left = 324.0
margin_top = 4.0
margin_right = 380.0
margin_bottom = 60.0

[node name="Tile7" parent="Tiles/Line2" instance=ExtResource( 2 )]
margin_left = 388.0
margin_top = 4.0
margin_right = 444.0
margin_bottom = 60.0

[node name="Tile8" parent="Tiles/Line2" instance=ExtResource( 2 )]
margin_left = 452.0
margin_top = 4.0
margin_right = 508.0
margin_bottom = 60.0

[node name="Tile9" parent="Tiles/Line2" instance=ExtResource( 2 )]
margin_left = 516.0
margin_top = 4.0
margin_right = 572.0
margin_bottom = 60.0

[node name="Tile10" parent="Tiles/Line2" instance=ExtResource( 2 )]
margin_left = 580.0
margin_top = 4.0
margin_right = 636.0
margin_bottom = 60.0

[node name="Tile11" parent="Tiles/Line2" instance=ExtResource( 2 )]
margin_left = 644.0
margin_top = 4.0
margin_right = 700.0
margin_bottom = 60.0

[node name="Tile12" parent="Tiles/Line2" instance=ExtResource( 2 )]
margin_left = 708.0
margin_top = 4.0
margin_right = 764.0
margin_bottom = 60.0

[node name="Line3" type="Node2D" parent="Tiles"]
editor/display_folded = true
position = Vector2( -384, 0 )

[node name="Tile" parent="Tiles/Line3" instance=ExtResource( 2 )]
margin_left = 4.0
margin_top = 4.0
margin_right = 60.0
margin_bottom = 60.0

[node name="Tile2" parent="Tiles/Line3" instance=ExtResource( 2 )]
margin_left = 68.0
margin_top = 4.0
margin_right = 124.0
margin_bottom = 60.0

[node name="Tile3" parent="Tiles/Line3" instance=ExtResource( 2 )]
margin_left = 132.0
margin_top = 4.0
margin_right = 188.0
margin_bottom = 60.0

[node name="Tile4" parent="Tiles/Line3" instance=ExtResource( 2 )]
margin_left = 196.0
margin_top = 4.0
margin_right = 252.0
margin_bottom = 60.0

[node name="Tile5" parent="Tiles/Line3" instance=ExtResource( 2 )]
margin_left = 260.0
margin_top = 4.0
margin_right = 316.0
margin_bottom = 60.0

[node name="Tile6" parent="Tiles/Line3" instance=ExtResource( 2 )]
margin_left = 324.0
margin_top = 4.0
margin_right = 380.0
margin_bottom = 60.0

[node name="Tile7" parent="Tiles/Line3" instance=ExtResource( 2 )]
margin_left = 388.0
margin_top = 4.0
margin_right = 444.0
margin_bottom = 60.0

[node name="Tile8" parent="Tiles/Line3" instance=ExtResource( 2 )]
margin_left = 452.0
margin_top = 4.0
margin_right = 508.0
margin_bottom = 60.0

[node name="Tile9" parent="Tiles/Line3" instance=ExtResource( 2 )]
margin_left = 516.0
margin_top = 4.0
margin_right = 572.0
margin_bottom = 60.0

[node name="Tile10" parent="Tiles/Line3" instance=ExtResource( 2 )]
margin_left = 580.0
margin_top = 4.0
margin_right = 636.0
margin_bottom = 60.0

[node name="Tile11" parent="Tiles/Line3" instance=ExtResource( 2 )]
margin_left = 644.0
margin_top = 4.0
margin_right = 700.0
margin_bottom = 60.0

[node name="Tile12" parent="Tiles/Line3" instance=ExtResource( 2 )]
margin_left = 708.0
margin_top = 4.0
margin_right = 764.0
margin_bottom = 60.0

[node name="Line4" type="Node2D" parent="Tiles"]
editor/display_folded = true
position = Vector2( -384, 64 )

[node name="Tile" parent="Tiles/Line4" instance=ExtResource( 2 )]
margin_left = 4.0
margin_top = 4.0
margin_right = 60.0
margin_bottom = 60.0

[node name="Tile2" parent="Tiles/Line4" instance=ExtResource( 2 )]
margin_left = 68.0
margin_top = 4.0
margin_right = 124.0
margin_bottom = 60.0

[node name="Tile3" parent="Tiles/Line4" instance=ExtResource( 2 )]
margin_left = 132.0
margin_top = 4.0
margin_right = 188.0
margin_bottom = 60.0

[node name="Tile4" parent="Tiles/Line4" instance=ExtResource( 2 )]
margin_left = 196.0
margin_top = 4.0
margin_right = 252.0
margin_bottom = 60.0

[node name="Tile5" parent="Tiles/Line4" instance=ExtResource( 2 )]
margin_left = 260.0
margin_top = 4.0
margin_right = 316.0
margin_bottom = 60.0

[node name="Tile6" parent="Tiles/Line4" instance=ExtResource( 2 )]
margin_left = 324.0
margin_top = 4.0
margin_right = 380.0
margin_bottom = 60.0

[node name="Tile7" parent="Tiles/Line4" instance=ExtResource( 2 )]
margin_left = 388.0
margin_top = 4.0
margin_right = 444.0
margin_bottom = 60.0

[node name="Tile8" parent="Tiles/Line4" instance=ExtResource( 2 )]
margin_left = 452.0
margin_top = 4.0
margin_right = 508.0
margin_bottom = 60.0

[node name="Tile9" parent="Tiles/Line4" instance=ExtResource( 2 )]
margin_left = 516.0
margin_top = 4.0
margin_right = 572.0
margin_bottom = 60.0

[node name="Tile10" parent="Tiles/Line4" instance=ExtResource( 2 )]
margin_left = 580.0
margin_top = 4.0
margin_right = 636.0
margin_bottom = 60.0

[node name="Tile11" parent="Tiles/Line4" instance=ExtResource( 2 )]
margin_left = 644.0
margin_top = 4.0
margin_right = 700.0
margin_bottom = 60.0

[node name="Tile12" parent="Tiles/Line4" instance=ExtResource( 2 )]
margin_left = 708.0
margin_top = 4.0
margin_right = 764.0
margin_bottom = 60.0

[node name="Line5" type="Node2D" parent="Tiles"]
editor/display_folded = true
position = Vector2( -384, 128 )

[node name="Tile" parent="Tiles/Line5" instance=ExtResource( 2 )]
margin_left = 4.0
margin_top = 4.0
margin_right = 60.0
margin_bottom = 60.0

[node name="Tile2" parent="Tiles/Line5" instance=ExtResource( 2 )]
margin_left = 68.0
margin_top = 4.0
margin_right = 124.0
margin_bottom = 60.0

[node name="Tile3" parent="Tiles/Line5" instance=ExtResource( 2 )]
margin_left = 132.0
margin_top = 4.0
margin_right = 188.0
margin_bottom = 60.0

[node name="Tile4" parent="Tiles/Line5" instance=ExtResource( 2 )]
margin_left = 196.0
margin_top = 4.0
margin_right = 252.0
margin_bottom = 60.0

[node name="Tile5" parent="Tiles/Line5" instance=ExtResource( 2 )]
margin_left = 260.0
margin_top = 4.0
margin_right = 316.0
margin_bottom = 60.0

[node name="Tile6" parent="Tiles/Line5" instance=ExtResource( 2 )]
margin_left = 324.0
margin_top = 4.0
margin_right = 380.0
margin_bottom = 60.0

[node name="Tile7" parent="Tiles/Line5" instance=ExtResource( 2 )]
margin_left = 388.0
margin_top = 4.0
margin_right = 444.0
margin_bottom = 60.0

[node name="Tile8" parent="Tiles/Line5" instance=ExtResource( 2 )]
margin_left = 452.0
margin_top = 4.0
margin_right = 508.0
margin_bottom = 60.0

[node name="Tile9" parent="Tiles/Line5" instance=ExtResource( 2 )]
margin_left = 516.0
margin_top = 4.0
margin_right = 572.0
margin_bottom = 60.0

[node name="Tile10" parent="Tiles/Line5" instance=ExtResource( 2 )]
margin_left = 580.0
margin_top = 4.0
margin_right = 636.0
margin_bottom = 60.0

[node name="Tile11" parent="Tiles/Line5" instance=ExtResource( 2 )]
margin_left = 644.0
margin_top = 4.0
margin_right = 700.0
margin_bottom = 60.0

[node name="Tile12" parent="Tiles/Line5" instance=ExtResource( 2 )]
margin_left = 708.0
margin_top = 4.0
margin_right = 764.0
margin_bottom = 60.0

[node name="Line6" type="Node2D" parent="Tiles"]
editor/display_folded = true
position = Vector2( -384, 192 )

[node name="Tile" parent="Tiles/Line6" instance=ExtResource( 2 )]
margin_left = 4.0
margin_top = 4.0
margin_right = 60.0
margin_bottom = 60.0

[node name="Tile2" parent="Tiles/Line6" instance=ExtResource( 2 )]
margin_left = 68.0
margin_top = 4.0
margin_right = 124.0
margin_bottom = 60.0

[node name="Tile3" parent="Tiles/Line6" instance=ExtResource( 2 )]
margin_left = 132.0
margin_top = 4.0
margin_right = 188.0
margin_bottom = 60.0

[node name="Tile4" parent="Tiles/Line6" instance=ExtResource( 2 )]
margin_left = 196.0
margin_top = 4.0
margin_right = 252.0
margin_bottom = 60.0

[node name="Tile5" parent="Tiles/Line6" instance=ExtResource( 2 )]
margin_left = 260.0
margin_top = 4.0
margin_right = 316.0
margin_bottom = 60.0

[node name="Tile6" parent="Tiles/Line6" instance=ExtResource( 2 )]
margin_left = 324.0
margin_top = 4.0
margin_right = 380.0
margin_bottom = 60.0

[node name="Tile7" parent="Tiles/Line6" instance=ExtResource( 2 )]
margin_left = 388.0
margin_top = 4.0
margin_right = 444.0
margin_bottom = 60.0

[node name="Tile8" parent="Tiles/Line6" instance=ExtResource( 2 )]
margin_left = 452.0
margin_top = 4.0
margin_right = 508.0
margin_bottom = 60.0

[node name="Tile9" parent="Tiles/Line6" instance=ExtResource( 2 )]
margin_left = 516.0
margin_top = 4.0
margin_right = 572.0
margin_bottom = 60.0

[node name="Tile10" parent="Tiles/Line6" instance=ExtResource( 2 )]
margin_left = 580.0
margin_top = 4.0
margin_right = 636.0
margin_bottom = 60.0

[node name="Tile11" parent="Tiles/Line6" instance=ExtResource( 2 )]
margin_left = 644.0
margin_top = 4.0
margin_right = 700.0
margin_bottom = 60.0

[node name="Tile12" parent="Tiles/Line6" instance=ExtResource( 2 )]
margin_left = 708.0
margin_top = 4.0
margin_right = 764.0
margin_bottom = 60.0

[node name="LblPlayer1" type="Label" parent="."]
margin_left = -512.0
margin_top = -288.0
margin_right = -261.0
margin_bottom = -224.0
custom_fonts/font = ExtResource( 3 )
custom_colors/font_color = Color( 0.235294, 0.835294, 0.0470588, 1 )
text = "Player 1 : 00"
align = 1
valign = 1

[node name="LblPlayer2" type="Label" parent="."]
margin_left = 256.0
margin_top = -288.0
margin_right = 482.0
margin_bottom = -224.0
custom_fonts/font = ExtResource( 3 )
custom_colors/font_color = Color( 0.929412, 0.203922, 0.0117647, 1 )
text = "Player 2 : 00"
align = 1
valign = 1

[node name="LblWinner" type="Label" parent="."]
margin_left = -188.0
margin_top = -256.0
margin_right = 188.0
margin_bottom = -219.0
custom_fonts/font = ExtResource( 3 )
custom_colors/font_color = Color( 0, 0, 0, 1 )
align = 1
valign = 1

[node name="BtnConcede" type="Button" parent="."]
margin_left = -188.0
margin_top = -256.0
margin_right = 188.0
margin_bottom = -224.0
custom_fonts/font = ExtResource( 3 )
text = "Concéder la victoire"
[connection signal="pressed" from="BtnConcede" to="." method="_on_BtnConcede_pressed"]
